<?xml version="1.0" encoding="UTF-8"?><record xmlns="http://www.loc.gov/MARC21/slim" xmlns:cinclude="http://apache.org/cocoon/include/1.0" xmlns:zs="http://www.loc.gov/zing/srw/">
  <leader>00307nz  a2200121n  4500</leader>
  <controlfield tag="001">no 93009030 </controlfield>
  <controlfield tag="003">DLC</controlfield>
  <controlfield tag="005">19930331182302.9</controlfield>
  <controlfield tag="008">930331n| acannaab|          |n aaa     c</controlfield>
  <datafield tag="010" ind1=" " ind2=" ">
    <subfield code="a">no 93009030 </subfield>
  </datafield>
  <datafield tag="040" ind1=" " ind2=" ">
    <subfield code="a">InU-Mu</subfield>
    <subfield code="c">InU-Mu</subfield>
  </datafield>
  <datafield tag="100" ind1="1" ind2="0">
    <subfield code="a">Palmer, Courtlandt</subfield>
  </datafield>
  <datafield tag="670" ind1=" " ind2=" ">
    <subfield code="a">His EleĚgie, c1912:</subfield>
    <subfield code="b">t.p. (Courtlandt Palmer)</subfield>
  </datafield>
</record>